@inproceedings{schuff2017annotation,
  title={Annotation, modelling and analysis of fine-grained emotions on a stance and sentiment detection corpus},
  author={Schuff, Hendrik and Barnes, Jeremy and Mohme, Julian and Pad{\'o}, Sebastian and Klinger, Roman},
  booktitle={Proceedings of the 8th Workshop on Computational Approaches to Subjectivity, Sentiment and Social Media Analysis},
  pages={13--23},
  year={2017}
}

@article{kingma2014adam,
  title={Adam: A method for stochastic optimization},
  author={Kingma, Diederik P and Ba, Jimmy},
  journal={arXiv preprint arXiv:1412.6980},
  year={2014}
}

@article{ekman1999basic,
  title={Basic emotions},
  author={Ekman, Paul},
  journal={Handbook of cognition and emotion},
  pages={45--60},
  year={1999},
  publisher={Wiley Online Library}
}

@article{plutchik2001nature,
  title={The nature of emotions: Human emotions have deep evolutionary roots, a fact that may explain their complexity and provide tools for clinical practice},
  author={Plutchik, Robert},
  journal={American scientist},
  volume={89},
  number={4},
  pages={344--350},
  year={2001},
  publisher={JSTOR}
}

%%%%%%%%%%%%%%%%%%%

@inproceedings{mohammad2016semeval,
  title={Semeval-2016 task 6: Detecting stance in tweets},
  author={Mohammad, Saif and Kiritchenko, Svetlana and Sobhani, Parinaz and Zhu, Xiaodan and Cherry, Colin},
  booktitle={Proceedings of the 10th International Workshop on Semantic Evaluation (SemEval-2016)},
  pages={31--41},
  year={2016}
}

@inproceedings{alm2005emotions,
  title={Emotions from text: machine learning for text-based emotion prediction},
  author={Alm, Cecilia Ovesdotter and Roth, Dan and Sproat, Richard},
  booktitle={Proceedings of the conference on human language technology and empirical methods in natural language processing},
  pages={579--586},
  year={2005},
  organization={Association for Computational Linguistics}
}

@inproceedings{aman2007identifying,
  title={Identifying expressions of emotion in text},
  author={Aman, Saima and Szpakowicz, Stan},
  booktitle={International Conference on Text, Speech and Dialogue},
  pages={196--205},
  year={2007},
  organization={Springer}
}

@article{dodds2011temporal,
  title={Temporal patterns of happiness and information in a global social network: Hedonometrics and Twitter},
  author={Dodds, Peter Sheridan and Harris, Kameron Decker and Kloumann, Isabel M and Bliss, Catherine A and Danforth, Christopher M},
  journal={PloS one},
  volume={6},
  number={12},
  pages={e26752},
  year={2011},
  publisher={Public Library of Science}
}

@inproceedings{barbieri2018semeval,
  title={Semeval 2018 task 2: Multilingual emoji prediction},
  author={Barbieri, Francesco and Camacho-Collados, Jose and Ronzano, Francesco and Anke, Luis Espinosa and Ballesteros, Miguel and Basile, Valerio and Patti, Viviana and Saggion, Horacio},
  booktitle={Proceedings of The 12th International Workshop on Semantic Evaluation},
  pages={24--33},
  year={2018}
}

@inproceedings{van2018semeval,
  title={Semeval-2018 task 3: Irony detection in english tweets},
  author={Van Hee, Cynthia and Lefever, Els and Hoste, V{\'e}ronique},
  booktitle={Proceedings of The 12th International Workshop on Semantic Evaluation},
  pages={39--50},
  year={2018}
}